@book{apellidoAño,
  author    = {Apellido, Nombre},
  title     = {Título del libro},
  year      = {2020},
  publisher = {Editorial},
  location  = {Ciudad}
}

@article{gomez2021,
  author  = {Gómez, Ana},
  title   = {Estudio sobre el cambio climático},
  journal = {Revista Científica},
  year    = {2021},
  volume  = {10},
  number  = {2},
  pages   = {100--120}
}

@book{perez2020,
	author    = {Pérez, Juan},
	title     = {Métodos de investigación cualitativa},
	year      = {2020},
	publisher = {Editorial Académica},
	location  = {Madrid},
	url       = {https://www.ejemplo.com/libro/metodos-investigacion-cualitativa}
}